@misc{
ebolafactsheet,
author = {World Health Organization},
title = {Fact sheet of Ebola virus disease},
howpublished = {\url{http://www.who.int/mediacentre/factsheets/fs103/en/}}
}


@misc{
ebolaguide,
author = {World Health Organization},
title = {Guidance for immunization programmes in the African Region in the context of Ebola},
howpublished = {\url{http://apps.who.int/iris/bitstream/10665/137330/1/WHO_IVB_14.08_eng.pdf?ua=1}}
}

@article{team2014ebola,
  title={Ebola virus disease in West Africa¡ªthe first 9 months of the epidemic and forward projections},
  author={Team, WHO Ebola Response},
  journal={N Engl J Med},
  volume={371},
  number={16},
  pages={1481--95},
  year={2014},
  publisher={Mass Medical Soc}
}

@article{world2014ebola,
  title={Ebola and Marburg virus disease epidemics: preparedness, alert, control, and evaluation},
  author={World Health Organization and others},
  year={2014},
  publisher={World Health Organization}
}

@article{wool1998characterization,
  title={Characterization of Ebola virus entry by using pseudotyped viruses: identification of receptor-deficient cell lines},
  author={Wool-Lewis, Rouven J and Bates, Paul},
  journal={Journal of virology},
  volume={72},
  number={4},
  pages={3155--3160},
  year={1998},
  publisher={Am Soc Microbiol}
}

@article{mccluskey2010complete,
  title={Complete global stability for an SIR epidemic model with delay¡ªdistributed or discrete},
  author={McCluskey, C Connell},
  journal={Nonlinear Analysis: Real World Applications},
  volume={11},
  number={1},
  pages={55--59},
  year={2010},
  publisher={Elsevier}
}

@article{rebaudet2015ebola,
  title={Ebola virus disease in West Africa--the first 9 months.},
  author={Rebaudet, Stanislas and Moore, Sandra and Piarroux, Renaud},
  journal={The New England journal of medicine},
  volume={372},
  number={2},
  pages={188--188},
  year={2015},
  publisher={Mass Medical Soc}
}

@article{worldworld,
  title={World health statistics 2013-[BUKU]},
  author={World Health Orgnization},
  publisher={Geneva: World Health Organization}
}

@article{small2006super,
  title={Super-spreaders and the rate of transmission of the SARS virus},
  author={Small, Michael and Tse, CK and Walker, David M},
  journal={Physica D: Nonlinear Phenomena},
  volume={215},
  number={2},
  pages={146--158},
  year={2006},
  publisher={Elsevier}
}

@misc{worldebola,
  title={WHO: Ebola response roadmap situation report. 1 October 2014. Geneva: WHO.[Accessed 8 Oct 2014]},
  author={World Health Organization (WHO) and others}
}

@article{shulgin1998pulse,
  title={Pulse vaccination strategy in the SIR epidemic model},
  author={Shulgin, Boris and Stone, Lewi and Agur, Zvia},
  journal={Bulletin of Mathematical Biology},
  volume={60},
  number={6},
  pages={1123--1148},
  year={1998},
  publisher={Springer}
}

@article{gradon2000outbreak,
  title={An outbreak of Ebola virus: Lessons for everyday activities in the intensive care unit},
  author={Gradon, Jeremy},
  journal={Critical care medicine},
  volume={28},
  number={1},
  pages={284--285},
  year={2000},
  publisher={LWW}
}

@article{nyenswah2014ebola,
  title={Ebola epidemic¡ªLiberia, March--October 2014},
  author={Nyenswah, Tolbert and Fahnbulleh, Miatta and Massaquoi, Moses and Nagbe, Thomas and Bawo, Luke and Falla, James Dorbor and Kohar, Henry and Gasasira, Alex and Nabeth, Pierre and Yett, Sheldon and others},
  journal={MMWR Morb Mortal Wkly Rep},
  volume={63},
  pages={1082--6},
  year={2014}
}

@misc{
adraebola,
author = {Adventist Development And Relief Agency},
title = {ARDA's response towards Ebola in Liberia},
howpublished = {\url{http://www.adra.org/}}
}

@misc{
emergencyebola,
author = {The Emergency},
title = {Emergenza Ebola, Abbiamo bisogno del tuo aiuto},
howpublished = {\url{http://www.adra.org/}}
}

@article{dowell1999transmission,
  title={Transmission of Ebola hemorrhagic fever: a study of risk factors in family members, Kikwit, Democratic Republic of the Congo, 1995},
  author={Dowell, Scott F and Mukunu, Rose and Ksiazek, Thomas G and Khan, Ali S and Rollin, Pierre E and Peters, CJ},
  journal={Journal of Infectious Diseases},
  volume={179},
  number={Supplement 1},
  pages={S87--S91},
  year={1999},
  publisher={Oxford University Press}
}

@misc{
mushengxue,
author = {Shengxue Mu},
title = {Ten ground truch must be recovered about Ebola},
howpublished = {\url{http://blog.sina.com.cn/s/blog_544838700102vfml.html}}
}

@article{hensley2004interferon,
  title={Interferon-$\beta$ 1a and SARS coronavirus replication},
  author={Hensley, Lisa E and Fritz, Elizabeth A and Jahrling, Peter B and Karp, Christopher and Huggins, John W and Geisbert, Thomas W},
  journal={Emerging infectious diseases},
  volume={10},
  number={2},
  pages={317},
  year={2004},
  publisher={Centers for Disease Control and Prevention}
}

@article{ungar1998hot,
  title={Hot crises and media reassurance: A comparison of emerging diseases and Ebola Zaire},
  author={Ungar, Sheldon},
  journal={British Journal of Sociology},
  pages={36--56},
  year={1998},
  publisher={JSTOR}
}


@amisc{nvidiacuda,
  author={NVIDIA Corporation.},
  title={The CUDA Zone},
  howpublished = {\url{http://www.nvidia.com/object/cuda_home_new.html}}
}

@inproceedings{har2005smaller,
  title={Smaller coresets for k-median and k-means clustering},
  author={Har-Peled, Sariel and Kushal, Akash},
  booktitle={Proceedings of the twenty-first annual symposium on Computational geometry},
  pages={126--134},
  year={2005},
  organization={ACM}
}