@inproceedings{miller2003movielens,
  title={MovieLens unplugged: experiences with an occasionally connected recommender system},
  author={Miller, Bradley N and Albert, Istvan and Lam, Shyong K and Konstan, Joseph A and Riedl, John},
  booktitle={Proceedings of the 8th international conference on Intelligent user interfaces},
  pages={263--266},
  year={2003},
  organization={ACM}
}

@article{jung2012attribute,
  title={Attribute selection-based recommendation framework for short-head user group: An empirical study by MovieLens and IMDB},
  author={Jung, Jason J},
  journal={Expert Systems with Applications},
  volume={39},
  number={4},
  pages={4049--4054},
  year={2012},
  publisher={Elsevier}
}

@article{adomavicius2005toward,
  title={Toward the next generation of recommender systems: A survey of the state-of-the-art and possible extensions},
  author={Adomavicius, Gediminas and Tuzhilin, Alexander},
  journal={Knowledge and Data Engineering, IEEE Transactions on},
  volume={17},
  number={6},
  pages={734--749},
  year={2005},
  publisher={IEEE}
}