@inproceedings{bennett2007netflix,
  title={The netflix prize},
  author={Bennett, James and Lanning, Stan},
  booktitle={Proceedings of KDD cup and workshop},
  volume={2007},
  pages={35},
  year={2007}
}

@inproceedings{zheng2010clicks,
  title={Do clicks measure recommendation relevancy?: an empirical user study},
  author={Zheng, Hua and Wang, Dong and Zhang, Qi and Li, Hang and Yang, Tinghao},
  booktitle={Proceedings of the fourth ACM conference on Recommender systems},
  pages={249--252},
  year={2010},
  organization={ACM}
}

@article{linden2003amazon,
  title={Amazon. com recommendations: Item-to-item collaborative filtering},
  author={Linden, Greg and Smith, Brent and York, Jeremy},
  journal={Internet Computing, IEEE},
  volume={7},
  number={1},
  pages={76--80},
  year={2003},
  publisher={IEEE}
}

@inproceedings{miller2003movielens,
  title={MovieLens unplugged: experiences with an occasionally connected recommender system},
  author={Miller, Bradley N and Albert, Istvan and Lam, Shyong K and Konstan, Joseph A and Riedl, John},
  booktitle={Proceedings of the 8th international conference on Intelligent user interfaces},
  pages={263--266},
  year={2003},
  organization={ACM}
}

@article{suykens1999least,
  title={Least squares support vector machine classifiers},
  author={Suykens, Johan AK and Vandewalle, Joos},
  journal={Neural processing letters},
  volume={9},
  number={3},
  pages={293--300},
  year={1999},
  publisher={Springer}
}

@inproceedings{lewis2000introduction,
  title={An introduction to classification and regression tree (CART) analysis},
  author={Lewis, Roger J},
  booktitle={Annual Meeting of the Society for Academic Emergency Medicine in San Francisco, California},
  pages={1--14},
  year={2000},
  organization={Citeseer}
}


@article{jung2012attribute,
  title={Attribute selection-based recommendation framework for short-head user group: An empirical study by MovieLens and IMDB},
  author={Jung, Jason J},
  journal={Expert Systems with Applications},
  volume={39},
  number={4},
  pages={4049--4054},
  year={2012},
  publisher={Elsevier}
}

@article{adomavicius2005toward,
  title={Toward the next generation of recommender systems: A survey of the state-of-the-art and possible extensions},
  author={Adomavicius, Gediminas and Tuzhilin, Alexander},
  journal={Knowledge and Data Engineering, IEEE Transactions on},
  volume={17},
  number={6},
  pages={734--749},
  year={2005},
  publisher={IEEE}
}

@inproceedings{breese1998empirical,
  title={Empirical analysis of predictive algorithms for collaborative filtering},
  author={Breese, John S and Heckerman, David and Kadie, Carl},
  booktitle={Proceedings of the Fourteenth conference on Uncertainty in artificial intelligence},
  pages={43--52},
  year={1998},
  organization={Morgan Kaufmann Publishers Inc.}
}

@article{chang2011libsvm,
  title={LIBSVM: a library for support vector machines},
  author={Chang, Chih-Chung and Lin, Chih-Jen},
  journal={ACM Transactions on Intelligent Systems and Technology (TIST)},
  volume={2},
  number={3},
  pages={27},
  year={2011},
  publisher={ACM}
}

@article{chung2003radius,
  title={Radius margin bounds for support vector machines with the RBF kernel},
  author={Chung, Kai-Min and Kao, Wei-Chun and Sun, Chia-Liang and Wang, Li-Lun and Lin, Chih-Jen},
  journal={Neural Computation},
  volume={15},
  number={11},
  pages={2643--2681},
  year={2003},
  publisher={MIT Press}
}

@article{hane1993pearson,
  title={The Pearson product-moment correlation coefficient is better suited for identification of DNA fingerprint profiles than band matching algorithms},
  author={H{\"a}ne, Bernhard G and J{\"a}ger, Kathrin and Drexler, Hans G},
  journal={Electrophoresis},
  volume={14},
  number={1},
  pages={967--972},
  year={1993},
  publisher={Wiley Online Library}
}